@incollection{burchardt-11,
  author = "A. Burchardt and T. Laue and T. R{\"o}fer",
title = "Optimizing Particle Filter Parameters for Self-Localization",
year = "2011",
  editor    = {J. Ruiz-del-Solar and E. Chown and P.G. Ploeger},
booktitle = "RoboCup 2010: Robot Soccer World Cup XIV",
Series = {Lecture Notes in Artificial Intelligence},
publisher = "Springer Verlag",
}

@article{chalup-07,
	author="S.K. Chalup and C.L. Much and M.J. Quinlan",
	title="Machine Learning with {Aibo} Robots in the {Four-Legged League}",
	year="2007",
	journal="IEEE Transactions on Systems, Man, and Cybernetics, Part C: Applications and Reviews",
	volume="37",
	number="3",
	pages="297--310"
	}
	
@inproceedings{quinlan-04,
author = "M.J. Quinlan and S.K. Chalup and R.H. Middleton",
title = "Application of {SVM}s in colour classification and collision detection with {Aibo} robots",
year = "2004",
booktitle = "Advances in Neural Information Processing Systems (NIPS)",
}	

@inproceedings{kohl-04,
	author="N. Kohl and P. Stone",
	title="Policy Gradient Reinforcement Learning for Fast Quadrupedal Locomotion",
	year="2004",
	booktitle="Proceedings of the {IEEE} International Conference on Robotics and Automation (ICRA)",
	volume="3",
	pages="2619--2624"
}

@inproceedings{chernova-04,
	author="Sonia Chernova and Manuela Veloso",
	title="An Evolutionary Approach to Gait Learning For Four-Legged Robots",
	year="2004",
	booktitle="Proceedings of the IEEE/RSJ International Conference on Intelligent Robots and Systems (IROS)",
	pages="2562--2567",
	volume="3"
}

@inproceedings{fidelman-07,
	author="Peggy Fidelman and Peter Stone",
	title="The Chin Pinch: A Case Study in Skill Learning on a Legged Robot",
	booktitle="RoboCup 2006: Robot Soccer World Cup X",
	editor="Gerhard Lakemeyer and Elizabeth Sklar and Domenico Sorenti and Tomoichi Takahashi",
	year="2007",
	pages="59--71",
	publisher="Springer"
}
	
@InProceedings{NaoWalking-WHSR-2009,
  author = {Colin Graf and Alexander H{\"a}rtl and Thomas R{\"o}fer and Tim Laue},
  title = {A Robust Closed-Loop Gait for the {Standard Platform League} Humanoid},
  year = {2009},
  editor = {Changjiu Zhou and Enrico Pagello and Emanuele Menegatti and Sven Behnke and Thomas R{\"o}fer},
  booktitle = {Proceedings of the Fourth Workshop on Humanoid Soccer Robots in conjunction with the 2009 IEEE-RAS International Conference on Humanoid Robots},
  address = {Paris, France},
  pages = {30--37},
}	

@inproceedings{strom-10,
  author = "J. Strom and G. Slavov and E. Chown",
  year = "2010",
  title = "Omni-directional walking using {ZMP} and preview control for the {NAO} humanoid robot",
  booktitle = "RoboCup 2009: Robot Soccer World Cup XIII",
  editor={Baltes, Jacky and Lagoudakis, Michail G. and Naruse, Tadashi and Ghidary, Saeed Shiry},
  publisher = "Springer",
  pages="378--389"
}
  
  @article{czarnetzki,
author=" Stefan Czarnetzki and S{\"{o}}ren Kerner and Oliver Urbann", 
title = "Observer-based Dynamic Walking Control for Biped Robots",
journal = "Robots and Autonomous Systems",
volume="57",
number="8",
pages="839--845",
year = "2009"
}



@inproceedings{runswift,
  title={RoboCup standard platform league-rUNSWift 2010},
  author={Ashar, Jayen and Claridge, David and Hall, Brad and Hengst, Bernhard and Nguyen, Hung and Pagnucco, Maurice and Ratter, Adrian and Robinson, Stuart and Sammut, Claude and Vance, Benjamin and others},
  booktitle={Australasian Conference on Robotics and Automation},
  year={2010}
}

@article{nbites,
  title={Northern Bites team report 2009},
  author={T. Hermans and J. Strom and G. Slavov and J. Morrison and A. Lawrence and E.  Krob, E and E. Chown},
  year={2009}
}

@article{penn,
	title={Penn team report 2013},
	author = {Christopher Akatsuka and Alan Aquino and Sarah Dean and Yizheng He and Tatenda Mushonga and Yida Zhang and Daniel Lee},
	year = {2013}
	}

@article{yeap-99,
   author =     "W.K. Yeap and M.E. Jefferies",
   title =          "Computing a representation of the local environment",
   year =        "1999",
   journal =   "Artificial Intelligence",
   volume =   "107",
   pages =    "265--301"
 }

 @article{yeap-88,
  author =       "W.K. Yeap",
  title =            "Towards a computational theory of cognitive maps",
  year =          "1988",
  journal =     "Artificial Intelligence",
  volume =     "34",
  pages =       "297--360"
 }
 
 @article{kuipers-00,
  author = "B. Kuipers",
  title =      "The Spatial Semantic Hierarchy",
  journal = "Artificial Intelligence",
  year =     "2000",
  volume = "119",
  pages =   "191--233"
  }
  
  @article{souman-09,
  	author="J.L. Souman and I. Frissen and M.N. Sreenivasa and M.O. Ernst",
	title = "Walking Straight into Circles",
	journal = "Current Biology",
	year = "2009",
	volume = "19",
	issue = "18",
	pages = "1538-1542"
}
  
  @article{brooks-91,
  	author="R.A. Brooks",
	title = "Intelligence Without Representation",
	journal = "Artificial Intelligence",
	year="1991",
	volume="47",
	pages="139--159"
}
  
  @article{beeson-10,
  	author="P. Beeson and J. Modayil and B. Kuipers",
	title = "Factoring the Mapping Problem: Mobile Robot Map-building in the Hybrid Spatial Semantic Hierarchy",
	journal = "The International Journal of Robotics Research",
	year = {2010},
	volume="29",
	number = "4",
	pages="428--459"
}
  
  @Article{chown-95,
  author =       "E. Chown and S. Kaplan and D. Kortenkamp",
  title =        "Prototypes, location and associative networks:  Towards
                  a unified theory of cognitive mapping",
  year =         "1995",
  journal =      "Cognitive Science",
  volume =       "19",
  pages =        "1--52",
}

@incollection{chown-08,
  author =       "E. Chown and B. Boots",
  title =        "Learning cognitive maps: Finding structure in an uncertain world",
  year =         "2008",
  booktitle =    "Robot and Cognitive Approaches to Spatial Mapping",
  publisher =    "Springer Berlin",
  editor =       "M. Jefferies and A. Yeap",
  city =         "Heidelberg",
  pages =        "215--236",
}

@incollection{chown-13,
	author = "E. Chown",
	title = "Spatial Prototypes",
	year = "2013",
	booktitle = "Representing space in cognition: Interrelations of behavior, language, and formal models",
	publisher = "Oxford University Press",
	editor = "T. Tenbrink and J. Weiner and C. Claramunt",
	}

@article{shelton-01,
   author = "A.L. Shelton and T.P. McNamara",
   title = "Systems of spatial reference in human memory",
   year = "2001",
   journal = "Cognitive Psychology",
   volume = "43",
   pages = "274-310"
   }

@article{mcnamara-03,
   author = "T.P. McNamara and B. Rump and S. Werner",
   title = "Egocentric and geocentric frames of reference in memory of large-scale space",
   year = "2003",
   journal = "Psychonomic Bulletin and Review",
   volume = "10",
   pages = "589-595"
   }

@article{norman-02,
   author = "J. Norman",
   title = "Two visual systems and two theories of perception:  An attempt to reconcile the constructivist and ecological approaches",
   year = "2002",
   journal = "Behavioral and Brain Sciences",
   volume = "25",
   pages = "73-144"
   }

@mastersthesis{pfloc,
type = {Undergraduate Honors Thesis},
  author       = {Edward Joseph Kilbride Googins},
  title        = {Robust localization with mobile robots},
  school       = {Bowdoin College},
  year         = 2013,
  address      = {Brunswick, ME}
}

@Misc{botsport,
OPTkey = {•},
author = {{Snapshot from BotSport.TV}},
title = {\url{https://www.youtube.com/user/BotSportTV}},
OPThowpublished = {•},
OPTmonth = {•},
year = {2013},
OPTnote = {•},
OPTannote = {•}
}
